<mx:record xmlns="http://www.w3.org/TR/xhtml1/strict" xmlns:mx="http://www.loc.gov/MARC21/slim" xmlns:xsi="http://www.w3.org/2001/XMLSchema-instance"><mx:leader>00000cz   2200000n  4500</mx:leader><mx:controlfield tag="001">oca03859084 </mx:controlfield><mx:controlfield tag="005">20001103070351.0</mx:controlfield><mx:controlfield tag="008">950614n| acannaabn          |a aaa     c</mx:controlfield><mx:datafield ind1=" " ind2=" " tag="010"><mx:subfield code="a">nr 95022107</mx:subfield></mx:datafield><mx:datafield ind1=" " ind2=" " tag="040"><mx:subfield code="a">NNC</mx:subfield><mx:subfield code="b">eng</mx:subfield><mx:subfield code="c">NNC</mx:subfield><mx:subfield code="d">OCoLC</mx:subfield></mx:datafield><mx:datafield ind1="0" ind2=" " tag="100"><mx:subfield code="a">Lucilius Iunior,</mx:subfield><mx:subfield code="d">fl. 4-64</mx:subfield></mx:datafield><mx:datafield ind1="1" ind2=" " tag="400"><mx:subfield code="a">Lucilius Iunior, Gaius,</mx:subfield><mx:subfield code="d">fl. 4-64</mx:subfield></mx:datafield><mx:datafield ind1="0" ind2=" " tag="400"><mx:subfield code="a">Lucilius Junior,</mx:subfield><mx:subfield code="d">fl. 4-64</mx:subfield></mx:datafield><mx:datafield ind1="1" ind2=" " tag="400"><mx:subfield code="a">Lucilius Junior, Gaius,</mx:subfield><mx:subfield code="d">fl. 4-64</mx:subfield></mx:datafield><mx:datafield ind1="1" ind2=" " tag="400"><mx:subfield code="a">Iunior, Lucilius,</mx:subfield><mx:subfield code="d">fl. 4-64</mx:subfield></mx:datafield><mx:datafield ind1="1" ind2=" " tag="400"><mx:subfield code="a">Iunior, Gaius Lucilius,</mx:subfield><mx:subfield code="d">fl. 4-64</mx:subfield></mx:datafield><mx:datafield ind1="1" ind2=" " tag="400"><mx:subfield code="a">Junior, Lucilius,</mx:subfield><mx:subfield code="d">fl. 4-64</mx:subfield></mx:datafield><mx:datafield ind1="1" ind2=" " tag="400"><mx:subfield code="a">Junior, Gaius Lucilius,</mx:subfield><mx:subfield code="d">fl. 4-64</mx:subfield></mx:datafield><mx:datafield ind1="0" ind2=" " tag="400"><mx:subfield code="a">L. Iunior</mx:subfield><mx:subfield code="q">(Lucilius Iunior),</mx:subfield><mx:subfield code="d">fl. 4-64</mx:subfield></mx:datafield><mx:datafield ind1=" " ind2=" " tag="670"><mx:subfield code="a">His Carmina [CF] 1991:</mx:subfield><mx:subfield code="b">PHI CD ROM #5.3, Latin Canon, bibliographic screen (Lucilius Iunior)</mx:subfield></mx:datafield><mx:datafield ind1=" " ind2=" " tag="670"><mx:subfield code="a">Oxford class. dict., 1st ed.:</mx:subfield><mx:subfield code="b">p. 515 (Lucilius Iunior, Gaius; friend of Seneca; born in Pompeii, apparently in Augustus&amp;#039; last decade; last seen about 63-64 A.D. as procurator of Sicily)</mx:subfield></mx:datafield><mx:datafield ind1=" " ind2=" " tag="670"><mx:subfield code="a">Pauly-Wissowa:</mx:subfield><mx:subfield code="b">26.Halbbd. col. 1645; &amp;#034;Lucilius&amp;#034;, #26 (L. Iunior; friend of Seneca, about 10 years younger than Seneca, born possibly in Naples or Pompeii; procurator in Sicily 63/64)</mx:subfield></mx:datafield><mx:datafield ind1=" " ind2=" " tag="670"><mx:subfield code="a">NUC pre-56:</mx:subfield><mx:subfield code="b">v. 344, p. 393 (Lucilius Junior)</mx:subfield></mx:datafield><mx:datafield ind1=" " ind2=" " tag="999"><mx:subfield code="a">807.3958</mx:subfield></mx:datafield></mx:record>